@article{simon1982schrodinger,
  title={Schr{\"o}dinger semigroups},
  author={Simon, Barry},
  journal={Bulletin of the American Mathematical Society},
  volume={7},
  number={3},
  pages={447--526},
  year={1982}
}
@article{von1989new,
  title={A new proof of localization in the Anderson tight binding model},
  author={von Dreifus, Henrique and Klein, Abel},
  journal={Communications in Mathematical Physics},
  volume={124},
  number={2},
  pages={285--299},
  year={1989},
  publisher={Springer}
}
@article{jitomirskaya1999metal,
  title={Metal-insulator transition for the almost Mathieu operator},
  author={Jitomirskaya, Svetlana Ya},
  journal={Annals of Mathematics},
  volume={150},
  number={3},
  pages={1159--1175},
  year={1999},
  publisher={PRINCETON UNIVERSITY}
}
@book{cycon2009schrodinger,
  title={Schr{\"o}dinger operators: With application to quantum mechanics and global geometry},
  author={Cycon, Hans L and Froese, Richard G and Kirsch, Werner and Simon, Barry},
  year={2009},
  publisher={Springer}
}
